@inproceedings{ho1995random,
  title={Random decision forests},
  author={Ho, Tin Kam},
  booktitle={Document analysis and recognition, 1995., proceedings of the third international conference on},
  volume={1},
  pages={278--282},
  year={1995},
  organization={IEEE}
}

@article{barandiaran1998random,
  title={The random subspace method for constructing decision forests},
  author={Barandiaran, I{\~n}igo},
  journal={IEEE transactions on pattern analysis and machine intelligence},
  volume={20},
  number={8},
  year={1998}
}

@article{simonyan2014very,
  title={Very deep convolutional networks for large-scale image recognition},
  author={Simonyan, Karen and Zisserman, Andrew},
  journal={arXiv preprint arXiv:1409.1556},
  year={2014}
}

@misc{Newsroom, title={A better future}, url={https://newsroom.wiley.com/press-release/cancer/comparison-screening-recommendations-indicates-annual-mammography-starting-age-}, journal={Newsroom}}

@article{becker_marcon_ghafoor_wurnig_frauenfelder_boss_2017, title={Deep Learning in Mammography}, volume={52}, DOI={10.1097/rli.0000000000000358}, number={7}, journal={Investigative Radiology}, author={Becker, Anton S. and Marcon, Magda and Ghafoor, Soleen and Wurnig, Moritz C. and Frauenfelder, Thomas and Boss, Andreas}, year={2017}, pages={434–440}}

@misc{webmd, title={Breast Cancer Detection}, url={https://www.webmd.com/breast-cancer/breast-cancer-detection#1}, journal={WebMD}, publisher={WebMD}}

@article{carneiro_nascimento_bradley_2015, title={Unregistered Multiview Mammogram Analysis with Pre-trained Deep Learning Models}, DOI={10.1007/978-3-319-24574-4_78}, journal={Lecture Notes in Computer Science Medical Image Computing and Computer-Assisted Intervention – MICCAI 2015}, author={Carneiro, Gustavo and Nascimento, Jacinto and Bradley, Andrew P.}, year={2015}, pages={652–660}}

@article{dhungel_carneiro_bradley_2015, title={Automated Mass Detection in Mammograms Using Cascaded Deep Learning and Random Forests}, DOI={10.1109/dicta.2015.7371234}, journal={2015 International Conference on Digital Image Computing: Techniques and Applications (DICTA)}, author={Dhungel, Neeraj and Carneiro, Gustavo and Bradley, Andrew P.}, year={2015}}

@article{ertosun_rubin_2015, title={Probabilistic visual search for masses within mammography images using deep learning}, DOI={10.1109/bibm.2015.7359868}, journal={2015 IEEE International Conference on Bioinformatics and Biomedicine (BIBM)}, author={Ertosun, Mehmet Gunhan and Rubin, Daniel L.}, year={2015}}

@article{huynh_li_giger_2016, title={Digital mammographic tumor classification using transfer learning from deep convolutional neural networks}, volume={3}, DOI={10.1117/1.jmi.3.3.034501}, number={3}, journal={Journal of Medical Imaging}, author={Huynh, Benjamin Q. and Li, Hui and Giger, Maryellen L.}, year={2016}, pages={034501}}

@article{rakhlin_shvets_iglovikov_kalinin_2018, title={Deep Convolutional Neural Networks for Breast Cancer Histology Image Analysis}, DOI={10.1101/259911}, author={Rakhlin, Alexander and Shvets, Alexey and Iglovikov, Vladimir and Kalinin, Alexandr}, year={2018}, month={May}}

@article{rampun_scotney_morrow_wang_2018, title={Breast Mass Classification in Mammograms using Ensemble Convolutional Neural Networks}, DOI={10.1109/healthcom.2018.8531154}, journal={2018 IEEE 20th International Conference on e-Health Networking, Applications and Services (Healthcom)}, author={Rampun, Andrik and Scotney, Bryan W. and Morrow, Philip J. and Wang, Hui}, year={2018}}

@article{rong_shasha_qingzheng_kun_2018, title={A Detection algorithm based on Convolutional Neural Network}, DOI={10.20944/preprints201811.0583.v1}, author={Rong, Fei and Shasha, Li and Qingzheng, Xu and Kun, Liu}, year={2018}}

@misc{breastcancer.org, title={U.S. Breast Cancer Statistics}, url={https://www.breastcancer.org/symptoms/understand_bc/statistics}, journal={Breastcancer.org}}

@article{zhu_lou_vang_xie_2016, title={Deep Multi-instance Networks with Sparse Label Assignment for Whole Mammogram Classification}, DOI={10.1101/095794}, author={Zhu, Wentao and Lou, Qi and Vang, Yeeleng Scott and Xie, Xiaohui}, year={2016}}
