@inproceedings{ho1995random,
  title={Random decision forests},
  author={Ho, Tin Kam},
  booktitle={Document analysis and recognition, 1995., proceedings of the third international conference on},
  volume={1},
  pages={278--282},
  year={1995},
  organization={IEEE}
}

@article{barandiaran1998random,
  title={The random subspace method for constructing decision forests},
  author={Barandiaran, I{\~n}igo},
  journal={IEEE transactions on pattern analysis and machine intelligence},
  volume={20},
  number={8},
  year={1998}
}

@article{simonyan2014very,
  title={Very deep convolutional networks for large-scale image recognition},
  author={Simonyan, Karen and Zisserman, Andrew},
  journal={arXiv preprint arXiv:1409.1556},
  year={2014}
}